

@article{frontphy,
        author    = {David Gomez, Stefan Klumpp},
        title     = {Biochemical reactions in crowded environments: revisiting the effects of volume exclusion with simulations},
        journal   = {Front. Phys.},
        volume    = {3:45, DOI: 10.3389/fphy.2015.00045},
        pages     = {1117--1135},
        year      = {1990},
        language  = {english}
        }


@book{phybio,
        author    = {Rob Phillips et al.},
        title     = {Physical Biology of the Cell},
        publisher = {Garland Science},
        year      = 2013,
        language  = {english}
        }
